@book{dichotomy,
author = {Donald E. Knuth},
publisher = {Addison-Wesley},
title = {The Art of Computer Programming},
year = {1973},
volume = {3. Searching and Sorting}
}

@article{anxiete,
author = {Julien Terroir},
title = {La communication : source d’anxiété ?},
journal = {IFSI Croix-Rouge de la Métropole Tourcoing},
year = {2004-2007}
}

@article{haristoy,
author = {Chloé Haristoy},
title = {L’outil de communication technologique :  un moyen de reprendre des décisions
pour les personnes atteintes du Locked-in syndrome},
journal = {Médecine humaine et pathologie},
year = {2015}
}

@article{codes,
author = {ALIS},
title = {Codes de communication conseillés par ALIS},
journal = { },
year = 2014
}

@article{sans-parole,
author = {Véronique Gaudeul},
title = {Communiquer sans la parole ? Guide pratique des techniques et des outils disponibles},
year = {2015}
}

@article{eyetracking,
author = {Park SW et al.},
title = {Augmentative and Alternative Communication Training Using Eye Blink Switch for Locked-in Syndrome Patient},
year = 2012,
journal = {Ann Rehabil Med.}
}

@article{bci,
title = {A binary spelling interface with random errors},
author = {J. Perelmouter, N. Birbaumer},
year = 2000,
journal = {IEEE Transactions on Rehabilitation Engineering},
volume = {volume 2}
}

@article{methods,
title = {Combating Locked-In Syndrome: New Methods of Communication for ALS Patients},
author = {Andrea Goldstein},
year = 2006
}

@article{bloodbci,
title = {A real-time fMRI-based spelling device immediately enabling robust motor-independent communication},
author = {Sorger B et al.},
year = 2012,
journal = {Current Biology},
volume = {volume 22, issue 14}
}

